@preamble{ "\newcommand{\noopsort}[1]{} " }

@incollection{btt:1998,
AUTHOR = {T. Blickle and J. Teich and L. Thiele},
TITLE = {{System}-{Level} {Synthesis} {Using} {Evolutionary} {Algorithms}},
BOOKTITLE = {Design Automation for Embedded Systems},
PUBLISHER = {Kluwer Academic Publishers},
ADDRESS = {Boston},
EDITOR = {Rajesh Gupta},
SERIES = 3,
PAGES = {23--62},
MONTH = jan,
YEAR = 1998 }

@book{glms:2002,
AUTHOR = {Thorsten Gr{\"o}tker and Stan Liao and Grant Martin and Stuart Swan},
TITLE = {{System} {Design} with {SystemC}},
PUBLISHER = {Kluwer Academic Publishers},
YEAR = 2002 }

@book{systemc-lrm:2003,
AUTHOR = {Open SystemC Initiative},
TITLE = {{SystemC} 2.0.1 {Language} {Reference} {Manual}},
PUBLISHER = {Open SystemC Initiative},
ADDRESS = {San Jose},
EDITOR = {Mike Baird},
YEAR = 2003 }

@incollection{embsft:2002,
AUTHOR = {Edward A. Lee},
TITLE = {Embedded Software},
BOOKTITLE = {Advances in Computers},
PUBLISHER = {Academic Press London},
ADDRESS = {London},
EDITOR = {M. Zelkowitz},
SERIES = 56,
PAGES = {xx--yy},
MONTH = zzz,
YEAR = 2002 }

@book{csphoare:1985,
AUTHOR = {Hoare C.A.R.},
TITLE = {{Communicating} {Sequential} {Processes}},
PUBLISHER = {Prentice Hall International},
MONTH = {April},
YEAR = 1985 }

@inproceedings{kahn:1974,
  author    = {Gilles Kahn},
  title     = {The Semantics of Simple Language for Parallel Programming.},
  booktitle = {IFIP Congress},
  year      = {1974},
  pages     = {471-475},
  bibsource = {DBLP, http://dblp.uni-trier.de}
}
